@misc{amicus2020_submission,
  title        = {Preliminary Report by the Amici Curiae},
  author       = {{In Re: Expeditious Trial of Cases under section 138 of the NI Act 1881}},
  year         = {2020},
  publisher    = {Supreme Court of India},
  howpublished = {Before the Supreme Court of India}
}

@misc{bhan2015_placing,
  title     = {Placing the burden of bounced cheques},
  author    = {Bhan, Indu},
  publisher = {Financial Express},
  url       = {https://www.financialexpress.com/opinion/placing-the-burden-of-bounced-cheques/68111/},
  date      = {2015-04-30}
}

@report{lci2008_138,
  title      = {Fast Track Magisterial Courts for
                Dishonoured Cheque Cases},
  shorttitle = {213th Report of Law Commission of India},
  author     = {{Law Commission of India}},
  year       = {2008},
  number     = {Report No 213}
}

@report{lci2014_arrears,
  title      = {Arrears and Backlog: Creating Additional Judicial (wo)manpower},
  shorttitle = {245th Report of Law Commission of India},
  author     = {{Law Commission of India}},
  year       = {2014},
  number     = {Report No 245}
}

@online{njdg2021,
  author = {{National Judicial Data Grid}},
  title  = {Summary Report of India as on December 8th 2021},
  url    = {https://njdg.ecourts.gov.in/njdgnew/index.php}
}

@jurisdiction{sc2020_138,
  title       = {In Re: Expeditious Trial of Cases under section 138 of the NI Act 1881},
  institution = {Supreme Court of India},
  number      = {Suo Motu Writ Petition (Crl) No 2 of 2020}
}

@jurisdiction{sc2020_makwanavstate,
  title       = {Makwana Managaldas Tulsidas v State of Gujarat},
  institution = {Supreme Court of India},
  number      = {Petition(s) for Special Leave to Appeal (Crl) No(s) 5464 of 2016}
}